<?xml version="1.0" encoding="UTF-8"?><collection xmlns="http://www.loc.gov/MARC21/slim"><record><leader>00374nam--2200133-i-4500</leader><controlfield tag="001">000044827</controlfield><controlfield tag="002">20161230</controlfield><controlfield tag="005">20161230201044</controlfield><controlfield tag="008">060222s1000------------r-----000-0-eng-d</controlfield><datafield ind1=" " ind2=" " tag="080"><subfield code="a">528</subfield></datafield><datafield ind1=" " ind2=" " tag="100"><subfield code="a">Tiron, Marin</subfield></datafield><datafield ind1=" " ind2=" " tag="245"><subfield code="a">Metode clasice si moderne utilizate in prelucrarea matematica a observatiilor geodezice</subfield></datafield><datafield ind1=" " ind2=" " tag="260"><subfield code="a">Bucuresti, Ed.Tehnica, 1985, 415p</subfield></datafield><datafield ind1=" " ind2=" " tag="852"><subfield code="a">72730</subfield></datafield></record></collection>